<?xml version="1.0" encoding="UTF-8"?><collection xmlns="http://www.loc.gov/MARC21/slim"><record><leader>00491nam--2200181-i-4500</leader><controlfield tag="001">000001320</controlfield><controlfield tag="002">20161230</controlfield><controlfield tag="005">20161230201024</controlfield><controlfield tag="008">060222s1000------------r-----000-0-ger-d</controlfield><datafield ind1=" " ind2=" " tag="040"><subfield code="a">IFIN-HH</subfield></datafield><datafield ind1=" " ind2=" " tag="041"><subfield code="a">ger</subfield></datafield><datafield ind1=" " ind2=" " tag="080"><subfield code="a">52-7(043)</subfield></datafield><datafield ind1="1" ind2=" " tag="100"><subfield code="a">Goeres, Achim</subfield></datafield><datafield ind1="1" ind2="0" tag="245"><subfield code="a">Staubbildung in die hullen von kohlenstoffsternen:r coronae borealis</subfield><subfield code="b">Dissertation</subfield><subfield code="c">Achim goeres</subfield></datafield><datafield ind1=" " ind2=" " tag="260"><subfield code="a">Berlin</subfield><subfield code="b">Universitat</subfield><subfield code="c">1992</subfield></datafield><datafield ind1=" " ind2=" " tag="300"><subfield code="a">194 P</subfield></datafield><datafield ind1=" " ind2=" " tag="852"><subfield code="a">79987</subfield><subfield code="c">523</subfield></datafield><datafield ind1=" " ind2=" " tag="CAT"><subfield code="a">Sys</subfield><subfield code="c">20141210</subfield><subfield code="h">140636</subfield></datafield></record></collection>